<?xml version="1.0" encoding="utf-8"?>
<record xmlns="http://www.loc.gov/MARC21/slim" xmlns:xsi="http://www.w3.org/2001/XMLSchema-instance" xsi:schemaLocation="http://www.loc.gov/MARC21/slim http://www.loc.gov/standards/marcxml/schema/MARC21slim.xsd">
	<leader>     nam a22        4500</leader>
	<controlfield tag="001">3774594</controlfield>
	<controlfield tag="003">NIC</controlfield>
	<controlfield tag="006">m        d        </controlfield>
	<controlfield tag="007">cr cn |||m|||a</controlfield>
	<controlfield tag="008">160623s1907    ua      o     000 0 ara d</controlfield>
	<datafield ind1=" " ind2=" " tag="040">
		<subfield code="a">NNU</subfield>
		<subfield code="b">eng</subfield>
		<subfield code="c">NNU</subfield>
	</datafield>
	<datafield ind1=" " ind2="4" tag="050">
		<subfield code="a">PJ7819.E4</subfield>
		<subfield code="b">D8 1907</subfield>
	</datafield>
	<datafield ind1="0" ind2="0" tag="245">
		<subfield code="a">Livre des Perles enforues et du mystère précieux au sujet des indications des cachettes, des trouvailles et des trésors, publié et traduit par Ahmed bey Kamal</subfield>
		<subfield code="h">[electronic resource].</subfield>
	</datafield>
	<datafield ind1=" " ind2=" " tag="260">
		<subfield code="a">Le Caire,</subfield>
		<subfield code="b">Imprimerie de l'Institut français d'Archéologie orientale,</subfield>
		<subfield code="c">1907.</subfield>
	</datafield>
	<datafield ind1=" " ind2=" " tag="300">
		<subfield code="a">online resource (2 tomes en 1 v. (viii, 251 p.))</subfield>
	</datafield>
	<datafield ind1="0" ind2=" " tag="490">
		<subfield code="a">Service des antiquités de l'Egypte</subfield>
	</datafield>
	<datafield ind1=" " ind2=" " tag="500">
		<subfield code="a">Avec texte arabe.</subfield>
	</datafield>
	<datafield ind1=" " ind2=" " tag="500">
		<subfield code="a">Part of the Arabic Collections Online (ACO) project, contributed by Cornell University Libraries.</subfield>
	</datafield>
	<datafield ind1="1" ind2=" " tag="505">
		<subfield code="a">Tome II. -- 1907.</subfield>
	</datafield>
	<datafield ind1=" " ind2=" " tag="533">
		<subfield code="a">Electronic reproduction.</subfield>
		<subfield code="b">New York, N.Y. :</subfield>
		<subfield code="c">New York University,</subfield>
		<subfield code="d">2016.</subfield>
		<subfield code="5">NNU</subfield>
	</datafield>
	<datafield ind1=" " ind2="7" tag="650">
		<subfield code="a">Trésors</subfield>
		<subfield code="x">Recherche</subfield>
		<subfield code="z">Égypte.</subfield>
		<subfield code="2">ram</subfield>
	</datafield>
	<datafield ind1=" " ind2="7" tag="650">
		<subfield code="a">Mythes géographiques</subfield>
		<subfield code="z">Égypte.</subfield>
		<subfield code="2">ram</subfield>
	</datafield>
	<datafield ind1=" " ind2="7" tag="650">
		<subfield code="a">Manuscrits orientaux</subfield>
		<subfield code="y">Antiquité.</subfield>
		<subfield code="2">ram</subfield>
	</datafield>
	<datafield ind1="2" ind2=" " tag="710">
		<subfield code="a">Cornell University.</subfield>
		<subfield code="b">Libraries.</subfield>
	</datafield>
	<datafield ind1="0" ind2=" " tag="730">
		<subfield code="a">Arabic Collections Online.</subfield>
	</datafield>
	<datafield ind1="0" ind2="8" tag="776">
		<subfield code="i">Online version:</subfield>
		<subfield code="t">Livre des Perles enforues et du mystère précieux au sujet des indications des cachettes, des trouvailles et des trésors, publié et traduit par Ahmed bey Kamal ..</subfield>
		<subfield code="d">Le Caire, Imprimerie de l'Institut français d'Archéologie orientale, 1907</subfield>
		<subfield code="w">(OCoLC)903487839</subfield>
	</datafield>
	<datafield ind1="0" ind2="8" tag="776">
		<subfield code="i">Print version:</subfield>
		<subfield code="t">Livre des Perles enforues et du mystère précieux au sujet des indications des cachettes, des trouvailles et des trésors, publié et traduit par Ahmed bey Kamal</subfield>
		<subfield code="w">(NIC)3774594</subfield>
		<subfield code="w">(OCoLC)26141013</subfield>
		<subfield code="w">(OCoLC)26141013 </subfield>
	</datafield>
	<datafield ind1="4" ind2="0" tag="856">
		<subfield code="u">http://hdl.handle.net/2333.1/sn02vbkv</subfield>
	</datafield>
	<datafield ind1=" " ind2=" " tag="959">
		<subfield code="a">NNU</subfield>
		<subfield code="b">WEB</subfield>
		<subfield code="c">GENI</subfield>
		<subfield code="t">0</subfield>
		<subfield code="m">Electronic access</subfield>
		<subfield code="s">01</subfield>
	</datafield>
	<datafield ind1=" " ind2=" " tag="999">
		<subfield code="i">NIC_3774594</subfield>
		<subfield code="o">(OCoLC)ocm26141013</subfield>
		<subfield code="s">cornell_aco000658:v.2</subfield>
		<subfield code="e">(ERROR-880)(ERROR-SERIES)</subfield>
		<subfield code="s">cornell_aco000658:v.2</subfield>
	</datafield>
</record>
